<record><leader>00000cas a22000007a 4500</leader><controlfield tag="001">12573262</controlfield><controlfield tag="008">850919d19611970iauwn ne      0    0eng d</controlfield><datafield ind1=" " ind2=" " tag="010"><subfield code="a">sn 85050892 </subfield></datafield><datafield ind1=" " ind2=" " tag="040"><subfield code="a">INP</subfield><subfield code="b">eng</subfield><subfield code="c">INP</subfield><subfield code="d">OCLCQ</subfield></datafield><datafield ind1=" " ind2=" " tag="042"><subfield code="a">msc</subfield></datafield><datafield ind1="0" ind2=" " tag="130"><subfield code="a">Journal (Lynnville, Iowa)</subfield></datafield><datafield ind1="1" ind2="4" tag="245"><subfield code="a">The Journal.</subfield></datafield><datafield ind1="1" ind2="3" tag="246"><subfield code="a">Lynnville journal</subfield></datafield><datafield ind1=" " ind2=" " tag="260"><subfield code="a">Lynnville, Iowa :</subfield><subfield code="b">Charles V. Dunham</subfield></datafield><datafield ind1=" " ind2=" " tag="300"><subfield code="a">v. :</subfield><subfield code="b">ill.</subfield></datafield><datafield ind1=" " ind2=" " tag="310"><subfield code="a">Weekly (except first week of July and last week of Dec.)</subfield></datafield><datafield ind1="1" ind2=" " tag="362"><subfield code="a">Began in Apr. 1961.</subfield><subfield code="z">Cf. Diamond trail news, Aug. 6, 1975.</subfield></datafield><datafield ind1="1" ind2=" " tag="362"><subfield code="a">Ceased in 1970?</subfield><subfield code="z">Cf. Bibl. of Iowa newspapers.</subfield></datafield><datafield ind1=" " ind2=" " tag="500"><subfield code="a">"The 'early bird' of Iowa's liveliest weekly papers."</subfield></datafield><datafield ind1=" " ind2=" " tag="500"><subfield code="a">Editor: Charles V. Dunham, &lt;Aug. 15, 1963-Jan. 21, 1965&gt;.</subfield></datafield><datafield ind1=" " ind2=" " tag="588"><subfield code="a">Description based on: Vol. 3, no. 32 (Aug. 15, 1963).</subfield></datafield><datafield ind1=" " ind2=" " tag="752"><subfield code="a">United States</subfield><subfield code="b">Iowa</subfield><subfield code="c">Jasper</subfield><subfield code="d">Lynnville.</subfield></datafield><datafield ind1="1" ind2=" " tag="029"><subfield code="a">AU@</subfield><subfield code="b">000025789418</subfield></datafield></record>